@inbook{RN2588,
   author = {Jackson, Matthew O. and Morelli, Massimo},
   title = {Chapter 3: The Reasons for Wars: An Updated Survey
The Handbook on the Political Economy of War},
   publisher = {Edward Elgar Publishing},
   address = {Cheltenham, UK},
   ISBN = {9781848442481},
   DOI = {10.4337/9781849808323.00009},
   url = {https://www.elgaronline.com/view/edcoll/9781848442481/9781848442481.00009.xml},
   year = {2011},
   type = {Book Section}
}

@inbook{RN2587,
   author = {Jackson, Matthew O. and Yariv, Leeat},
   title = {Chapter 14 - Diffusion, Strategic Interaction, and Social Structure},
   booktitle = {Handbook of Social Economics},
   editor = {Benhabib, Jess and Bisin, Alberto and Jackson, Matthew O.},
   publisher = {North-Holland},
   volume = {1},
   pages = {645-678},
   ISBN = {1570-6435},
   DOI = {https://doi.org/10.1016/B978-0-444-53187-2.00014-0},
   url = {https://www.sciencedirect.com/science/article/pii/B9780444531872000140},
   year = {2011},
   type = {Book Section}
}

@inbook{RN2590,
   author = {Jackson, Matthew O.},
   title = {Representing and Measuring Networks},
   booktitle = {Social and Economic Networks},
   publisher = {Princeton University Press},
   pages = {20-53},
   ISBN = {9780691134406},
   DOI = {10.2307/j.ctvcm4gh1.5},
   url = {http://www.jstor.org/stable/j.ctvcm4gh1.5},
   year = {2008},
   type = {Book Section}
}


